<record><leader>00000cas a2200000 a 4500</leader><controlfield tag="001">33284792</controlfield><controlfield tag="008">951012d19011908fluwr ne      0   a0eng c</controlfield><datafield ind1=" " ind2=" " tag="010"><subfield code="a">sn 95047178 </subfield></datafield><datafield ind1=" " ind2=" " tag="040"><subfield code="a">FUG</subfield><subfield code="b">eng</subfield><subfield code="c">FUG</subfield><subfield code="d">OCLCQ</subfield><subfield code="d">DLC</subfield><subfield code="d">UPM</subfield><subfield code="d">DLC</subfield><subfield code="d">FUG</subfield><subfield code="d">OCLCQ</subfield><subfield code="d">OCLCF</subfield><subfield code="d">OCLCO</subfield></datafield><datafield ind1=" " ind2=" " tag="012"><subfield code="i">9510</subfield></datafield><datafield ind1="1" ind2=" " tag="022"><subfield code="a">1941-0786</subfield><subfield code="l">1941-0786</subfield><subfield code="2">1</subfield></datafield><datafield ind1="1" ind2=" " tag="029"><subfield code="a">AU@</subfield><subfield code="b">000025885607</subfield></datafield><datafield ind1="1" ind2=" " tag="029"><subfield code="a">NZ1</subfield><subfield code="b">16070548</subfield></datafield><datafield ind1=" " ind2=" " tag="042"><subfield code="a">pcc</subfield><subfield code="a">nsdp</subfield></datafield><datafield ind1=" " ind2=" " tag="043"><subfield code="a">n-us-fl</subfield></datafield><datafield ind1="0" ind2="0" tag="050"><subfield code="a">Newspaper</subfield></datafield><datafield ind1="0" ind2=" " tag="130"><subfield code="a">New enterprise (Madison, Fla.)</subfield></datafield><datafield ind1=" " ind2="4" tag="222"><subfield code="a">The new enterprise</subfield><subfield code="b">(Madison, Fla.)</subfield></datafield><datafield ind1="1" ind2="4" tag="245"><subfield code="a">The new enterprise.</subfield></datafield><datafield ind1=" " ind2=" " tag="260"><subfield code="a">Madison, Fla. :</subfield><subfield code="b">[s.n.],</subfield><subfield code="c">1901-1908.</subfield></datafield><datafield ind1=" " ind2=" " tag="300"><subfield code="a">7 v.</subfield></datafield><datafield ind1=" " ind2=" " tag="310"><subfield code="a">Weekly</subfield></datafield><datafield ind1="0" ind2=" " tag="362"><subfield code="a">Vol. 1, no. 1 (Sept. 5, 1901)-v. 7, no. 42 (June 18, 1908).</subfield></datafield><datafield ind1=" " ind2=" " tag="500"><subfield code="a">Columbus B. Smith, editor.</subfield></datafield><datafield ind1=" " ind2=" " tag="500"><subfield code="a">"Official organ Board of County Commissioners."</subfield></datafield><datafield ind1="1" ind2=" " tag="520"><subfield code="a">A weekly that billed itself as the "Official Organ of the Board of County Commissioners," the New Enterprise [LCCN: sn95047178] began publishing in 1901 and continued through 1908. The newspaper was edited by Columbus B. Smith in Madison (FL), the seat of Madison County (FL) government. The New Enterprise reported on the Cuban Revolution against colonial Spain during its early years. Madison County's soldiers, fighting in the Spanish-American War, were stationed in Cuba, then fighting for its independence. Smith, a Georgia native born in 1843, remained as editor following a merger with the Madison (FL) Recorder (1865-1908) [LCCN: sn84022777] that resulted in the Enterprise-Recorder [LCCN: sn95047179]. By 1933, this newspaper was known as the Madison (FL) Enterprise-Recorder [LCCN: sn95047180] and continues as a weekly through the present (ca. 2008), published by Emerald Kinsley of Greene Publishing, Inc. Several members of the Greene family work at the paper and for the affiliated Madison County (FL) Carrier [LCCN: sn96027683], also a weekly. The small city of Madison is located in North Florida. It was founded 2 May 1838 on land secured from Madison C. Livingston. Located about fifty miles east of Florida's capital city, Tallahassee, Madison was a political and agricultural center during Florida's early history and remains an agricultural area today. Madison County, established in 1827, was named for James Madison, fourth President of the United States of America. From the 1880s onward, the city of Madison was connected to Tallahassee and markets in other cities in Florida, Alabama and Georgia. But, in 1906, the Augusta Southern Railway connected Augusta, Georgia to Madison, Florida for the purpose of enhancing commerce along a north/south line throughout Georgia. The new line opened new markets to the city and county.--E. Kesse, University of Florida Digital Library Center.</subfield></datafield><datafield ind1=" " ind2=" " tag="530"><subfield code="a">Archived issues are available in digital format as part of the Library of Congress Chronicling America online collection.</subfield></datafield><datafield ind1=" " ind2="0" tag="651"><subfield code="a">Madison (Fla.)</subfield><subfield code="v">Newspapers.</subfield></datafield><datafield ind1=" " ind2="0" tag="651"><subfield code="a">Madison County (Fla.)</subfield><subfield code="v">Newspapers.</subfield></datafield><datafield ind1=" " ind2="7" tag="655"><subfield code="a">Newspapers.</subfield><subfield code="2">fast</subfield><subfield code="0">(OCoLC)fst01423814</subfield></datafield><datafield ind1=" " ind2="7" tag="651"><subfield code="a">Florida</subfield><subfield code="z">Madison.</subfield><subfield code="2">fast</subfield><subfield code="0">(OCoLC)fst01215377</subfield></datafield><datafield ind1=" " ind2="7" tag="651"><subfield code="a">Florida</subfield><subfield code="z">Madison County.</subfield><subfield code="2">fast</subfield><subfield code="0">(OCoLC)fst01215098</subfield></datafield><datafield ind1=" " ind2=" " tag="752"><subfield code="a">United States</subfield><subfield code="b">Florida</subfield><subfield code="c">Madison</subfield><subfield code="d">Madison.</subfield></datafield><datafield ind1="0" ind2="8" tag="776"><subfield code="i">Issued also online:</subfield><subfield code="t">New enterprise (Madison, Fla.)</subfield><subfield code="w">(DLC)  2007264068</subfield><subfield code="w">(OCoLC)182845267</subfield></datafield><datafield ind1="0" ind2="7" tag="785"><subfield code="t">Madison recorder (Madison, Fla.)</subfield><subfield code="w">(DLC)sn 84022777</subfield><subfield code="w">(OCoLC)10593792</subfield></datafield><datafield ind1="0" ind2="7" tag="785"><subfield code="t">Enterprise-recorder</subfield><subfield code="w">(DLC)sn 95047179</subfield><subfield code="w">(OCoLC)33284794</subfield></datafield><datafield ind1=" " ind2=" " tag="850"><subfield code="a">FU</subfield></datafield><datafield ind1="4" ind2="1" tag="856"><subfield code="u">http://www.loc.gov/chroniclingamerica/lccn/sn95047178/issues</subfield></datafield></record>